@book{ercolessi,
    author = {G. Morandi and F. Napoli and E. Ercolessi},
    title = {Statistical Mechanics. An Intermediate Course}
}

@book{smlecture,
    author = {E. Ercolessi},
    title = {Lecture notes taken during the statistical mechanics course}
}

@book{pathria,
    author = {R. K. Pathria and P. D. Beale},
    title = {Statistical Mechanics}
}

@book{qft1lecture,
    author = {M. Cicoli},
    title = {Lecture notes taken during the quantum field theory I course}
}

@book{rqmlecture1,
    author = {L. Ling},
    title = {Lecture notes taken during the relativistic quantum mechanics and path integrals course}
}


@book{rqmlecture2,
    author = {F. Bastianelli},
    title = {Lecture notes taken during the relativistic quantum mechanics and path integrals course}
}
