@book{ercolessi,
    author = {G. Morandi and F. Napoli and E. Ercolessi},
    title = {Statistical Mechanics. An intermediate course}
}
